@article{RDSS18,
          Author = {R. Askanazi and F. X. Diebold and F. Schorfheide and M. Shin},
          Title  = {On the comparison of interval forecasts},
          Journal = {},
          Volume = "",
          Number = "",
          Pages  = "",
          Year   = "2018"
}

@article{EM13,
          Author = {E. C. Merkle and M. Steyvers},
          Title  = {Choosing a Strictly Proper Scoring Rule},
          Journal = {Decision Analysis},
          Volume = "10",
          Number = "4",
          Pages  = "292--304",
          Year   = "2013"
}

@article{GBR07,
          Author = {T. Gneiting and F. Balabdaoui and A. E. Raftery},
          Title  = {Probabilistic forecasts, calibration and sharpness},
          Journal = {J. R. Stat. Soc. B},
          Volume = "69",
          Number = "2",
          Pages  = "243--268",
          Year   = "2007"
}

@article{GK14,
          Author = {T. Gneiting and M. Katzfuss},
          Title  = {Probabilistic forecasting},
          Journal = {Annual Review of Statistics and Its Application},
          Volume = "1",
          Number = "1",
          Pages  = "125--151",
          Year   = "2014"
}

@article{GR07,
          Author = {T. Gneiting and A. E. Raftery},
          Title  = {Strictly proper scoring rules, prediction, and estimation},
          Journal = {J. Am. Stat. Assoc},
          Volume = "102",
          Number = "477",
          Pages  = "359--378",
          Year   = "2007"
}

@article{H00,
          Author = {H. Hersbach},
          Title  = {Decomposition of the Continuous Ranked Probability Score for Ensemble Prediction Systems},
          Journal = {Weather and Forecasting},
          Volume = "15",
          Number = "5",
          Pages  = "559--570",
          Year   = "2000"
}

@article{MF17,
          Author = {K. Mitchell and C. A. T. Ferro},
          Title  = {Proper scoring rules for interval probabilistic forecasts},
          Journal = {Quarterly Journal of the Royal Meteorological Society},
          Volume = "143",
          Number = "704",
          Pages  = "1597--1607",
          Year   = "2017"
}

@article{MW76,
          Author = {J. Matheson and R. Winkler},
          Title  = {Scoring Rules for Continuous Probability Distributions},
          Journal = {Management Science},
          Volume = "22",
          Number = "10",
          Pages  = "1087--1096",
          Year   = "1976"
}

@article{P10,
          Author = {R. Peirolo},
          Title  = {Information gain as a score for probabilistic forecasts},
          Journal = {Meteorological Applications},
          Volume = "18",
          Number = "1",
          Pages  = "9--17",
          Year   = "2010"
}

@article{R16,
          Author = {A. E. Raftery},
          Title  = {Use and communication of probabilistic forecasts},
          Journal = {Statistical Analysis and Data Mining: The ASA Data Science Journal},
          Volume = "9",
          Number = "6",
          Pages  = "397--410",
          Year   = "2016"
}

@article{RS02,
          Author = {M. S. Roulston and L. A. Smith},
          Title  = {Evaluating Probabilistic Forecasts Using Information Theory},
          Journal = {Monthly Weather Review},
          Volume = "130",
          Number = "6",
          Pages  = "1653--1660",
          Year   = "2002"
}

@article{W96,
          Author = {R. L. Winkler},
          Title  = {Scoring rules and the evalution of probabilities},
          Journal = {Test},
          Volume = "5",
          Number = "1",
          Pages  = "1--60",
          Year   = "1996"
}

@article{S75,
          Author = {S. M. Stigler},
          Title  = {The transition from point to distribution estimation},
          Journal = {Bull. int. Stat. Inst.},
          Volume = "46",
          Number = "",
          Pages  = "332--340",
          Year   = "1975"
}

@article{G52,
          Author = {I. J. Good},
          Title  = {Rational decisions},
          Journal = {J. R. Stat. Soc. B},
          Volume = "14",
          Number = "",
          Pages  = "107--114",
          Year   = "1952"
}

@article{W72,
          Author = {R. L. Winkler},
          Title  = {A Decision-Theoretic Approach to Interval Estimation},
          Journal = {Journal of the American Statistical Association},
          Volume = "67",
          Number = "",
          Pages  = "187--191",
          Year   = "1972"
}
%###########################


@misc{RH181,
  author = {R. J. Hyndman},
  title = {forecast: Forecasting functions for time series and linear models},
  howpublished = "\url{https://CRAN.R-project.org/package=forecast}",
  year = {2018}, 
  note = "R package version 8.3"
}

@misc{RA18,
  author = {R. J. Hyndman and G. Athanasopoulos},
  title = {Forecasting: principles and practice. 2nd ed},
  howpublished = "\url{https://OTexts.org/fpp2/}",
  year = {2018}, 
  note = "Melbourne, Australia: OTexts."
}

@misc{RH182,
  author = {R. J. Hyndman},
  title = {Data from the M-Competitions},
  howpublished = "\url{https://CRAN.R-project.org/package=Mcomp}",
  year = {2018}, 
  note = "R package version 2.7"
}

@misc{JKL17,
  author = {A. Jordan and F. Krueger and S. Lerch},
  title = {Scoring Rules for Parametric and Simulated Distribution Forecasts},
  howpublished = "\url{https://CRAN.R-project.org/package=scoringRules}",
  year = {2017}, 
  note = "R package version 0.9.4"
}

@misc{WD17,
  author = {D. Wuertz},
  title = {Rmetrics - Autoregressive Conditional Heteroskedastic Modelling},
  howpublished = "\url{https://CRAN.R-project.org/package=fGarch}",
  year = {2017}, 
  note = "R package version 3042.83"
}

@misc{WH17,
  author = {D. Wuertz},
  title = {Easily Install and Load the 'Tidyverse'},
  howpublished = "\url{https://CRAN.R-project.org/package=tidyverse}",
  year = {2017}, 
  note = "R package version 1.2.1"
}

@misc{YH,
  author = {YahooFinance},
  title = {Financial data},
  howpublished = "\url{https://au.finance.yahoo.com}",
  year = {2018}
}

