@techreport{RDSS18,
          Author = {R. Askanazi and F. X. Diebold and F. Schorfheide and M. Shin},
          Title  = {On the comparison of interval forecasts},
          Year   = "2018",
          url = {https://www.sas.upenn.edu/~fdiebold/papers2/Eval.pdf},
          institution={University of Pennsylvania}
}

@BOOK{B59,
  author =       {R. G. Brown},
  title =        {Statistical Forecasting for Inventory Control},
  publisher =    {McGraw/Hill},
  edition =      {},
  year =         {1959}
}

@techreport{H57,
          Author = {C. C. Holt},
          Title  = {Forecasting Trends and Seasonals by Exponentially Weighted Averages},
          Year   = "1957",
          url = {Pittsburgh Office of Naval Research memorandum no. 52},
          institution={Carnegie Institute of Technology}
}

@article{GR11,
          Author = {T. Gneiting and R. Ranjan},
          Title  = {Comparing density forecasts using threshold- and quantile-weighted proper scoring rules},
          Journal = {J. Bus. Econ. Stat},
          Volume = "29",
          Number = "",
          Pages  = "411--422",
          Year   = "2011"
}


@article{MW76,
          Author = {J. E. Matheson and R. L. Winkler},
          Title  = {Scoring Rules for Continuous Probability Distributions},
          Journal = {Management Science},
          Volume = "22",
          Number = "",
          Pages  = "1087--1096",
          Year   = "1976"
}

@article{GG98,
          Author = {A. E. Gelfand and S. K. Ghosh},
          Title  = {Model Choice: A Minimum Posterior Predictive Loss Approach},
          Journal = {Biometrika},
          Volume = "85",
          Number = "",
          Pages  = "1--11",
          Year   = "1998"
}

@article{LI95,
          Author = {P. W. Laud and J. G. Ibrahim},
          Title  = {Predictive Model Selection},
          Journal = {Journal of the Royal Statistical Society},
          Volume = "57",
          Number = "",
          Pages  = "247--262",
          Year   = "1995"
}

@article{DS99,
          Author = {A. P. Dawid and P. Sebastiani},
          Title  = {Coherent Dispersion Criteria for Optimal Experimental Design},
          Journal = {The Annals of Statistics},
          Volume = "27",
          Number = "",
          Pages  = "253--263",
          Year   = "1999"
}

@article{W60,
          Author = {P. R. Winters},
          Title  = {Forecasting Sales by Exponentially Weighted Moving Averages},
          Journal = {Management Science},
          Volume = "6",
          Number = "",
          Pages  = "324--342",
          Year   = "1960"
}

@article{CM96,
          Author = {J. L. Cervera and J. Mu√±oz},
          Title  = {Proper Scoring Rules for Fractiles},
          Journal = {Bayesian Statistics 5, eds},
          Volume = "",
          Number = "",
          Pages  = "513--520",
          Year   = "1996"
}

@article{A74,
          Author = {H. Akaike},
          Title  = {A new look at the statistical model identification},
          Journal = {IEEE Transactions on Automatic Control},
          Volume = "19",
          Number = "6",
          Pages  = "716--723",
          Year   = "1974"
}

@article{RK08,
          Author = {R. J. Hyndman and Y. Khandakar},
          Title  = {Automatic Time Series Forecasting: The Forecast Package for R},
          Journal = {Decision Analysis},
          Volume = "27",
          Number = "1",
          Pages  = "1--22",
          Year   = "2008"
}

@article{R86,
          Author = {E. Robert},
          Title  = {Autoregressive Conditional Heteroscedasticity with Estimates of the Variance of United Kingdom Inflation},
          Journal = {Econometrica},
          Volume = "50",
          Number = "4",
          Pages  = "987--1007",
          Year   = "1982"
}

@article{EM13,
          Author = {E. C. Merkle and M. Steyvers},
          Title  = {Choosing a Strictly Proper Scoring Rule},
          Journal = {Decision Analysis},
          Volume = "10",
          Number = "4",
          Pages  = "292--304",
          Year   = "2013"
}

@article{GBR07,
          Author = {T. Gneiting and F. Balabdaoui and A. E. Raftery},
          Title  = {Probabilistic forecasts, calibration and sharpness},
          Journal = {J. R. Stat. Soc. B},
          Volume = "69",
          Number = "2",
          Pages  = "243--268",
          Year   = "2007"
}

@article{GK14,
          Author = {T. Gneiting and M. Katzfuss},
          Title  = {Probabilistic forecasting},
          Journal = {Annual Review of Statistics and Its Application},
          Volume = "1",
          Number = "1",
          Pages  = "125--151",
          Year   = "2014"
}

@article{GR07,
          Author = {T. Gneiting and A. E. Raftery},
          Title  = {Strictly proper scoring rules, prediction, and estimation},
          Journal = {J. Am. Stat. Assoc},
          Volume = "102",
          Number = "477",
          Pages  = "359--378",
          Year   = "2007"
}

@article{H00,
          Author = {H. Hersbach},
          Title  = {Decomposition of the Continuous Ranked Probability Score for Ensemble Prediction Systems},
          Journal = {Weather and Forecasting},
          Volume = "15",
          Number = "5",
          Pages  = "559--570",
          Year   = "2000"
}

@article{MF17,
          Author = {K. Mitchell and C. A. T. Ferro},
          Title  = {Proper scoring rules for interval probabilistic forecasts},
          Journal = {Quarterly Journal of the Royal Meteorological Society},
          Volume = "143",
          Number = "704",
          Pages  = "1597--1607",
          Year   = "2017"
}

@article{MW76,
          Author = {J. Matheson and R. Winkler},
          Title  = {Scoring Rules for Continuous Probability Distributions},
          Journal = {Management Science},
          Volume = "22",
          Number = "10",
          Pages  = "1087--1096",
          Year   = "1976"
}

@article{P10,
          Author = {R. Peirolo},
          Title  = {Information gain as a score for probabilistic forecasts},
          Journal = {Meteorological Applications},
          Volume = "18",
          Number = "1",
          Pages  = "9--17",
          Year   = "2010"
}

@article{R16,
          Author = {A. E. Raftery},
          Title  = {Use and communication of probabilistic forecasts},
          Journal = {Statistical Analysis and Data Mining: The ASA Data Science Journal},
          Volume = "9",
          Number = "6",
          Pages  = "397--410",
          Year   = "2016"
}

@article{RS02,
          Author = {M. S. Roulston and L. A. Smith},
          Title  = {Evaluating Probabilistic Forecasts Using Information Theory},
          Journal = {Monthly Weather Review},
          Volume = "130",
          Number = "6",
          Pages  = "1653--1660",
          Year   = "2002"
}

@article{W96,
          Author = {R. L. Winkler},
          Title  = {Scoring rules and the evalution of probabilities},
          Journal = {Test},
          Volume = "5",
          Number = "1",
          Pages  = "1--60",
          Year   = "1996"
}

@article{S75,
          Author = {S. M. Stigler},
          Title  = {The transition from point to distribution estimation},
          Journal = {Bull. int. Stat. Inst.},
          Volume = "46",
          Number = "",
          Pages  = "332--340",
          Year   = "1975"
}

@article{G52,
          Author = {I. J. Good},
          Title  = {Rational decisions},
          Journal = {J. R. Stat. Soc. B},
          Volume = "14",
          Number = "",
          Pages  = "107--114",
          Year   = "1952"
}

@article{W72,
          Author = {R. L. Winkler},
          Title  = {A Decision-Theoretic Approach to Interval Estimation},
          Journal = {Journal of the American Statistical Association},
          Volume = "67",
          Number = "",
          Pages  = "187--191",
          Year   = "1972"
}

@misc{RH181,
  author = {R. J. Hyndman},
  title = {forecast: Forecasting functions for time series and linear models},
  howpublished = "\url{https://CRAN.R-project.org/package=forecast}",
  year = {2018},
  note = "R package version 8.3"
}

@misc{RA18,
  author = {R. J. Hyndman and G. Athanasopoulos},
  title = {Forecasting: principles and practice. 2nd ed},
  howpublished = "\url{https://OTexts.org/fpp2/}",
  year = {2018},
  note = "Melbourne, Australia: OTexts."
}

@misc{RH182,
  author = {R. J. Hyndman},
  title = {Data from the M-Competitions},
  howpublished = "\url{https://CRAN.R-project.org/package=Mcomp}",
  year = {2018},
  note = "R package version 2.7"
}

@misc{JKL17,
  author = {A. Jordan and F. Krueger and S. Lerch},
  title = {Scoring Rules for Parametric and Simulated Distribution Forecasts},
  howpublished = "\url{https://CRAN.R-project.org/package=scoringRules}",
  year = {2017},
  note = "R package version 0.9.4"
}

@misc{WD17,
  author = {D. Wuertz},
  title = {Rmetrics - Autoregressive Conditional Heteroskedastic Modelling},
  howpublished = "\url{https://CRAN.R-project.org/package=fGarch}",
  year = {2017},
  note = "R package version 3042.83"
}


@misc{YH,
  author = {YahooFinance},
  title = {Financial data},
  howpublished = "\url{https://au.finance.yahoo.com}",
  year = {2018}
}

@misc{RH13,
  author = {R. J. Hyndman},
  title = {The difference between prediction intervals and confidence intervals},
  howpublished = "\url{https://robjhyndman.com/hyndsight/intervals/}",
  year = {2018}
}



